<?xml version="1.0" encoding="UTF-8"?><collection xmlns="http://www.loc.gov/MARC21/slim"><record><leader>00460nam--2200133-i-4500</leader><controlfield tag="001">000036076</controlfield><controlfield tag="002">20161230</controlfield><controlfield tag="005">20161230201040</controlfield><controlfield tag="008">060222s1000------------r-----000-0-eng-d</controlfield><datafield ind1=" " ind2=" " tag="080"><subfield code="a">543</subfield></datafield><datafield ind1=" " ind2=" " tag="100"><subfield code="a">Olariu, Alexandru St</subfield></datafield><datafield ind1=" " ind2=" " tag="245"><subfield code="a">Actiunea structurala de promotor a oxidului de crom pentru schimbul izotopic hidrogen - apa grea catalizat pe nichel. (rezumatteza doctorat)</subfield></datafield><datafield ind1=" " ind2=" " tag="260"><subfield code="a">Magurele, Inst.De Fizica Atomica, 1968, 22p.+ 2 P.Tablouri</subfield></datafield><datafield ind1=" " ind2=" " tag="852"><subfield code="a">28541</subfield></datafield></record></collection>